@article{moller1997fast,
  title={Fast, minimum storage ray-triangle intersection},
  author={M{\"o}ller, Tomas and Trumbore, Ben},
  journal={Journal of graphics tools},
  volume={2},
  number={1},
  pages={21--28},
  year={1997},
  publisher={Taylor \& Francis}
}
@article{de2006reflections,
  title={Reflections and refractions in ray tracing},
  author={De Greve, Bram}
}